@manual{V408,
  author = {TU Dortmund},
  title = {V408 - Geometrische Optik},
  year = 2019
}
